@article{article:OpenCV,
author={I. Culjak and D. Abram and T. Pribanic and H. Dzapo and M. Cifrek},
booktitle={2012 Proceedings of the 35th International Convention MIPRO},
title={A brief introduction to OpenCV},
year={2012},
pages={1725-1730},
keywords={C++ language;computer vision;public domain software;software libraries;C++ interface;Intel;OpenCV;image analysis;image processing;library developments;open source computer vision;open source library;video analysis;Cameras;Computer vision;Detectors;Histograms;Image edge detection;Libraries;Low pass filters},
month={May}
}